<?xml version="1.0" encoding="UTF-8"?><collection xmlns="http://www.loc.gov/MARC21/slim"><record><leader>00581nam--2200181-i-4500</leader><controlfield tag="001">000031052</controlfield><controlfield tag="002">20161230</controlfield><controlfield tag="005">20161230201038</controlfield><controlfield tag="008">060222s1000------------r-----000-0-fre-d</controlfield><datafield ind1=" " ind2=" " tag="040"><subfield code="a">IFIN-HH</subfield></datafield><datafield ind1=" " ind2=" " tag="041"><subfield code="a">fre</subfield></datafield><datafield ind1=" " ind2=" " tag="080"><subfield code="a">536.6:539.12(043)</subfield></datafield><datafield ind1="1" ind2=" " tag="100"><subfield code="a">Locci, Elizabeth</subfield></datafield><datafield ind1="1" ind2="0" tag="245"><subfield code="a">Etude d`un calorimetre a electron-photon pour une experience proton-antiproton a 540gev dans le centre de masse, aupres du sps du cern</subfield><subfield code="b">These</subfield><subfield code="c">Elizabeth locci</subfield></datafield><datafield ind1=" " ind2=" " tag="260"><subfield code="a">Paris</subfield><subfield code="b">Universite De Paris-sud</subfield><subfield code="c">1980</subfield></datafield><datafield ind1=" " ind2=" " tag="300"><subfield code="a">41P.+FIG</subfield></datafield><datafield ind1=" " ind2=" " tag="852"><subfield code="a">49840</subfield><subfield code="c">539.12</subfield></datafield><datafield ind1=" " ind2=" " tag="CAT"><subfield code="a">Sys</subfield><subfield code="c">20111208</subfield><subfield code="h">142442</subfield></datafield></record></collection>